@article{苏金树2006基于机器学习的文本分类技术研究进展,
  title={基于机器学习的文本分类技术研究进展},
  author={苏金树 and 张博锋 and 徐昕},
  journal={软件学报},
  volume={17},
  number={9},
  pages={1848--1859},
  year={2006}
}

@book{mitchell2003机器学习,
  title={机器学习},
  author={Mitchell, Tom M},
  year={2003},
  publisher={机械工业出版社}
}

@article{andrieu2003introduction,
  title={An introduction to MCMC for machine learning},
  author={Andrieu, Christophe and De Freitas, Nando and Doucet, Arnaud and Jordan, Michael I},
  journal={Machine learning},
  volume={50},
  number={1},
  pages={5--43},
  year={2003},
  publisher={Springer}
}

@article{sebastiani2002machine,
  title={Machine learning in automated text categorization},
  author={Sebastiani, Fabrizio},
  journal={ACM computing surveys (CSUR)},
  volume={34},
  number={1},
  pages={1--47},
  year={2002},
  publisher={ACM}
}

@article{cortes1995support,
  title={Support-vector networks},
  author={Cortes, Corinna and Vapnik, Vladimir},
  journal={Machine learning},
  volume={20},
  number={3},
  pages={273--297},
  year={1995},
  publisher={Springer}
}
@article{rasmussen2006gaussian,
  title={Gaussian processes for machine learning},
  author={Rasmussen, Carl Edward},
  year={2006},
  publisher={Citeseer}
}